@article{Anselin1995,
  title   = {Local indicators of spatial association—{LISA}},
  author  = {Anselin, L.},
  journal = {Geographical analysis},
  volume  = {27},
  number  = {2},
  pages   = {93--115},
  year    = {1995}
}

@article{Armstrong2002,
	author  = {Marc P. Armstrong},
	title   = {Geographic Information Technologies and Their Potentially Erosive Effects on Personal Privacy},
	journal = {Studies in the Social Sciences},
	volume  = {37},
	number  = {1},
	year    = {2002},
	pages   = {19--27},
}

@article{AsgharKaafar2020,
	author  = {Hassan Jameel Asghar and Dali Kaafar},
	title   = {Averaging Attacks on Bounded Noise-based Disclosure Control Algorithms},
	journal = {Proceedings on Privacy Enhancing Technologies},
	volume  = {2},
	year    = {2020},
	pages   = {358--378},
}

@article{Bach2022,
    author  = {Fabian Bach},
    title   = {Differential Privacy and Noisy Confidentiality Concepts for {E}uropean Population Statistics},
    journal = {Journal of Survey Statistics and Methodology},
    volume  = {10},
    number  = {3},
    year    = {2022},
    pages   = {642--687},
}

@article{BassettiEtAl2020,
    author  = {Federico Bassetti and Stefano Gualandi and Marco Veneroni},
    title   = {On the Computation of {K}antorovich--{W}asserstein Distances Between Two-Dimensional Histograms by Uncapacitated Minimum Cost Flows},
    journal = {SIAM Journal on Optimization},
    volume  = {30},
    number  = {3},
    pages   = {2441--2469},
    year    = {2020}
}

@article{Behnisch_Meinel_Tramsen_Diesselmann_2013,
    title    = {Using quadtree representations in building stock visualization and analysis}, 
    volume   = {67}, 
    rights   = {Copyright (c)}, 
    ISSN     = {2702-5985}, 
    DOI      = {10.3112/erdkunde.2013.02.04}, 
    number   = {2}, 
    journal  = {Erdkunde},
    author   = {Behnisch, Martin and Meinel, Gotthard and Tramsen, Sebastian and Diesselmann, Markus}, 
    year     = {2013}, 
    month    = jun,
    pages    = {151--166},
    language = {en} 
}

@article{Berman1989,
  author  =  {Berman, M. and Diggle, P.},
  year    =  {1989},
  title   =  {Estimating weighted integrals of the second-order intensity of a spatial point process},
  journal =  {Journal of the Royal Statistical Society, Series B},
  volume  =  {51}, 
  number  = {1},
  pages   =  {81--92},
}

@article{Bithell1990,
  author  = {J. F. Bithell},
  title   = {An application of density estimation to geographical epidemiology},
  journal = {Statistics in Medicine},
  year    = {1990},
  volume  = {9},
  pages   = {691--701},
}

@article{Borruso2003,
  author  = {G. Borruso},
  title   = {Network density and the delimitation of urban areas},
  journal = {Transactions in {GIS}},
  year    = {2003},
  volume  = {7},
  number  = {2},
  pages   = {177--191},
}

@article{BrownsteinEtAl2006,
    author  = {John S. Brownstein and Christopher A. Cassa and Kenneth D. Mandl},
    title   = {No Place to Hide — Reverse Identification of Patients from Published Maps},
    journal = {New England Journal of Medicine},
    volume  = {355},
    number  = {16},
    pages   = {1741--1742},
    year    = {2006},
}

@article{clarke2016multiscale,
  author    = {Keith C. Clarke},
  title     = {A multiscale masking method for point geographic data},
  journal   = {International Journal of Geographical Information Science},
  year      = {2016},
  volume    = {30},
  number    = {2},
  pages     = {300--315},
  publisher = {Taylor \& Francis},
}

@article{Costemalle_2019, 
    author  = {Costemalle, Vianney},
    title   = {Detecting geographical differencing problems in the context of spatial data dissemination}, 
    volume  = {35},
    ISSN    = {18747655, 18759254}, 
    DOI     = {10.3233/SJI-190564},
    number  = {4}, 
    journal = {Statistical Journal of the IAOS},
    year    = {2019},
    month   = dec,
    pages   = {559--568}
}

@article{CoxEtAl2011,
    author  = {Lawrence H. Cox and Alan F. Karr and Satkartar K. Kinney},
    title   = {Risk-Utility Paradigms for Statistical Disclosure Limitation: How to Think, But Not How to Act},
    journal = {International Statistical Review},
    volume  = {79},
    number  = {2},
    year    = {2011},
    pages   = {160--183}
}

@article{CurtisEtAl2006,
	author  = {Andrew J. Curtis and Jacqueline W. Mills and Michael Leitner},
	title   = {Spatial confidentiality and {GIS}: re-engineering mortality locations from published maps about Hurricane {Katrina}},
	journal = {International Journal of Health Geographics},
	volume  = {5},
	number  = {44},
	year    = {2006},
}

@article{Davies2010,
  author  = {T. M. Davies and M. L. Hazelton},
  title   = {Adaptive kernel estimation of spatial relative risk},
  journal = {Statistics in Medicine},
  year    = {2010},
  volume  = {29},
  number  = {23},
  pages   = {2423--2437},
}

@article{Diggle1985,
  author  =  {Diggle, P. J.},
  year    =  {1985},
  title   =  {A kernel method for smoothing point process data},
  journal =  {Journal of the Royal Statistical Society, Series C}, 
  volume  =  {34},
  number  =  {2},
  pages   =  {138--147},
}

@article{Dixon1980,
  author  = {K. R. Dixon and J. A. Chapman},
  title   = {Harmonic mean measure of animal activity areas},
  journal = {Ecology},
  year    = {1980},
  volume  = {61},
  pages   = {1040--1044},
}

@article{Duke-Williams_Rees_1998, 
    title    = {Can Census Offices publish statistics for more than one small area geography? {An} analysis of the differencing problem in statistical disclosure}, 
    volume   = {12}, 
    ISSN     = {1365-8816, 1362-3087}, 
    DOI      = {10.1080/136588198241680}, 
    number   = {6}, 
    journal  = {International Journal of Geographical Information Science},
    author   = {Duke-Williams, Oliver and Rees, Philip}, 
    year     = {1998}, 
    month    = sep,
    pages    = {579--605},
    language = {en}
}

@article{duncan2004disclosure,
  author    = {George T. Duncan and S. Lynne Stokes},
  title     = {Disclosure risk vs. data utility: The RU confidentiality map as applied to topcoding},
  journal   = {Chance},
  year      = {2004},
  volume    = {17},
  number    = {3},
  pages     = {16--20},
  publisher = {Taylor \& Francis Group},
}

@article{ElliotDale1999,
    author    = {Mark J. Elliot and Angela Dale},
    title     = {Scenarios of attack: the data intruder's perspective on statistical disclosure risk},
    journal   = {Netherlands Official Statistics},
    volume    = {14},
    year      = {1999},
    pages     = {6--10},
}

@article{ElliotEtAl1998,
	author  = {M. J. Elliot and C. J. Skinner and A. Dale},
	title   = {Special uniques, random uniques and sticky populations: some counterintuitive effects of geographical detail on disclosure risk},
	journal = {Research in Official Statistics},
	volume  = {1},
	number  = {2},
	year    = {1998},
	pages   = {53--67},
}

@article{Epanechnikov,
  author  = {V. A. Epanechnikov},
  title   = {Non-Parametric Estimation of a Multivariate Probability Density},
  journal = {Theory of Probability and its Applications},
  year    = {1969},
  volume  = {14},
  pages   = {153--158}
}

@article{Fienberg1994,
	author  = {Stephen E. Fienberg},
	title   = {Conflicts between the needs for access to statistical information and demands for confidentiality},
	journal = {Journal of Official Statistics},
	volume  = {10},
	number  = {2},
	year    = {1994},
	pages   = {115--132},
}

@article{Gatrell1996,
  author  = {A. C. Gatrell and T. C. Baily and P. J. Diggle and B. S. Rowlingson},
  title   = {Spatial point pattern analysis and its application in geographical epidemiology},
  journal = {Transaction of Institute of British Geographer},
  year    = {1996},
  number  = {21},
  pages   = {256--271},
}

@article{GoldbergEtAl2013,
    author  = {Daniel W. Goldberg and Morven Ballard and James H. Boyd and Narelle Mullan and Carol Garfield and Diana Rosman and Anna M. Ferrante and James B. Semmens},
    title   = {An evaluation framework for comparing geocoding systems},
    journal = {International Journal of Health Geographics},
    volume  = {12},
    number  = {50},
    pages   = {1--15},
    year    = {2013},
}

@article{GutmannEtAl2008,
    author    = {Myron Gutmann and Kristine Witkowski and Corey Colyer and JoAnne McFarland {O'Rourke} and James McNally},
    title     = {Providing Spatial Data for Secondary Analysis: Issues and Current Practices Relating to Confidentiality},
    journal   = {Population Research and Policy Review},
    volume    = {27},
    number    = {6},
    year      = {2008},
    pages     = {639--665},
}

@article{KamelBoulosEtAl2022,
    author  = {Maged N. {Kamel Boulos} and Mei-Po Kwan and Khaled {El Emam} and Ada Lei-Ling Chung and Song Gao and Douglas B. Richardson},
    title   = {Reconciling public health common good and individual privacy: new methods and issues in geoprivacy},
    journal = {International Journal of Health Geographics},
    volume  = {21},
    number  = {1},
    year    = {2022},
}

@article{KarrEtAl2006,
	author  = {A. F. Karr and C. N. Kohnen and A. Oganian and J. P. Reiter and A. P. Sanil},
	title   = {A Framework for Evaluating the Utility of Data Altered to Protect Confidentiality},
	journal = {The American Statistician},
	volume  = {60},
	number  = {3},
	year    = {2006},
	pages   = {224--232},
}

@article{Kraus2021,
    author  = {Jaroslav Kraus},
    title   = {Statistical Disclosure Control Methods for Harmonised Protection of Census Data: A Grid Case},
    journal = {Demografie, Review for Population Research},
    volume  = {63},
    number  = {4},
    year    = {2021},
    pages   = {199--215}
}

@article{KuhnertEtAl2005,
    author  = {Matthias Kuhnert and Alexey Voinov and Ralf Seppelt},
    title   = {Comparing Raster Map Comparison Algorithms for Spatial Modeling and Analysis},
    journal = {Photogrammetric Engineering \& Remote Sensing},
    volume  = {71},
    number  = {8},
    year    = {2005},
    pages   = {975--984}
}

@article{Lagonigro_Oller_Martori_2017, 
    title    = {A quadtree approach based on {European} geographic grids: reconciling data privacy and accuracy},
    ISSN     = {2013-8830}, 
    DOI      = {10.2436/20.8080.02.55}, 
    volume   = {41},
    number   = {1}, 
    journal  = {SORT. Statistics and Operations Research Transactions}, 
    author   = {Lagonigro, Raymond and Oller, Ramon and Martori, Joan Carles},
    year     = {2017}, 
    pages    = {139--158}, 
    language = {eng} 
}

@article{Lagonigro_Oller_Martori_2020, 
    title    = {AQuadtree: an R Package for Quadtree Anonymization of Point Data}, 
    volume   = {12}, 
    ISSN     = {2073-4859}, 
    DOI      = {10.32614/RJ-2021-013}, 
    number   = {2},
    journal  = {The R Journal}, 
    author   = {Lagonigro, Raymond and Oller, Ramon and Martori, Joan, Carles}, 
    year     = {2020},
    pages    = {209},
    language = {en} 
}

@article{Lee2019,
  author  = {Lee, M. and Chun, Y. and Griffith, D. A.},
  title   = {An evaluation of kernel smoothing to protect the confidentiality of individual locations},
  journal = {International Journal of Urban Sciences},
  volume  = {23},
  number  = {3},
  pages   = {335--351},
  year    = {2019},
  note    = {{DOI}: 10.1080/12265934.2018.1482778},
}

@article{LeitnerCurtis2004,
	author  = {Michael Leitner and Andrew Curtis},
	title   = {Cartographic Guidelines for Geographically Masking the Locations of Confidential Point Data},
	journal = {Cartographic Perspectives},
	volume  = {49},
	year    = {2004},
	pages   = {22--39},
}

@article{Lieshout2012,
  author  = {M.-C. N. M. van Lieshout},
  year    = {2012},
  title   = {On estimation of the intensity function of a point process},
  journal = {Methodology and Computing in Applied Probability}, 
  volume  = {14},
  pages   = {567--578},
}

@article{Miller2004,
    author    = {Harvey J. Miller},
    title     = {Tobler's First Law and Spatial Analysis},
    journal   = {Annals of the Association of American Geographers},
    volume    = {94},
    number    = {2},
    year      = {2004},
    pages     = {284--289},
}

@article{Mlodak2013,
  title   = {Neighbourhood of spatial areas in the physical and socio-economical context},
  author  = {M{\l}odak, Andrzej},
  journal = {Computational Statistics},
  volume  = {28},
  number  = {6},
  pages   = {2379--2414},
  year    = {2013},
}

@article{Mlodak2022,
  title   = {The trade-off between the risk of disclosure and data utility in {SDC}: A case of data from a survey of accidents at work},
  author  = {M{\l}odak, A. and Pietrzak, M. and J{\'o}zefowski, T.},
  journal = {Statistical Journal of the IAOS},
  volume  = {38},
  number  = {4},
  pages   = {1503--1511},
  year    = {2022}
}

@article{Moran1950,
 author  = {P. A. P. Moran},
 title   = {Notes on continuous stochastic phenomena},
 journal = {Biometrika},
 volume  = {37},
 number  = {1/2},
 year    = {1950},
 pages   = {17--23}
}

@article{osth2015measuring,
  author    = {{\"O}sth, John and Clark, William A. V. and Malmberg, Bo},
  title     = {Measuring the Scale of Segregation Using k-Nearest Neighbor Aggregates},
  journal   = {Geographical Analysis},
  year      = {2015},
  volume    = {47},
  number    = {1},
  pages     = {34--49},
  publisher = {Wiley Online Library},
}

@article{RicciatoColuccia2023,
  title   = {On the Estimation of Spatial Density From Mobile Network Operator Data},
  author  = {Fabio Ricciato and Angelo Coluccia},
  journal = {IEEE Transactions on Mobile Computing},
  year    = {2023},
  volume  = {22},
  number  = {6},
  pages   = {3541--3557}
}

@article{RicciatoGualandi2024,
  title   = {The {Kantorovich-Wasserstein} distance for spatial statistics: {The Spatial-KWD} library},
  author  = {Fabio Ricciato and Stefano Gualandi},
  journal = {Statistical Journal of the IAOS},
  year    = {2024},
  volume  = {40},
  number  = {1},
  pages   = {109--123}
}

@article{Samet_1984, 
    title   = {The Quadtree and Related Hierarchical Data Structures}, 
    volume  = {16}, 
    ISSN    = {0360-0300}, 
    DOI     = {10.1145/356924.356930}, 
    number  = {2},
    journal = {ACM Computing Surveys}, 
    author  = {Samet, Hanan}, 
    year    = {1984},
    month   = jun,
    pages   = {187--260} 
}

@article{ShlomoEtAl2015,
    author  = {Natalie Shlomo and Laszlo Antal and Mark Elliot},
    title   = {Measuring Disclosure Risk and Data Utility for Flexible Table Generators},
    journal = {Journal of Official Statistics},
    volume  = {31},
    number  = {2},
    year    = {2015},
    pages   = {305--324},
}

@article{Strobl_2005, 
    title    = {{Hierarchische Aggregation: Detailinformation versus Datenschutz am Beispiel adressbezogen georefrenzierter Datensätze}}, 
    volume   = {38},
    journal  = {Salzburger Geographische Arbeiten}, 
    author   = {Strobl, J.}, 
    year     = {2005},
    pages    = {163--171},
    language = {de}
}

@article{VanHalderenEtAl2016,
	author  = {Gemma {Van Halderen} and Stuart Minchin and Martin Brady and Greg Scott},
	title   = {{Integrating statistical and geospatial information, cultures and professions: International developments and Australian experience}},
	journal = {Statistical Journal of the IAOS},
	volume  = {32},
	year    = {2016},
	pages   = {457--470},
}

@article{VanWeyEtAl2005,
    author    = {Leah K. VanWey and Ronald R. Rindfuss and Myron P. Gutmann and Barbara Entwisle and Deborah L. Balk},
    title     = {Confidentiality and spatially explicit data: Concerns and challenges},
    journal   = {Proceedings of the National Academy of Sciences - PNAS},
    volume    = {102},
    number    = {43},
    year      = {2005},
    pages     = {15337--15342},
}

@article{Waller2024,
    author    = {Lance A. Waller},
    title     = {Maps: A Statistical View},
    journal   = {Annual Review of Statistics and its Applications},
    volume    = {11},
    year      = {2024},
    pages     = {75--96},
}

@article{Wang2019,
  author  = {Wang, Z. and Liu, L. and Zhou, H. and Lan, M. },
  title   = {How Is the Confidentiality of Crime Locations Affected by Parameters in Kernel Density Estimation?},
  journal = {International Journal of Geo-Information},
  year    = {2019},
  volume  = {8},
  number  = {12},
  pages   = {544--556},
  note    = {{DOI}: 10.3390/ijgi8120544}
}

@article{Watson1964,
  author  = {G. S. Watson}, 
  title   = {Smooth Regression Analysis},
  journal = {Sankhyā: The Indian Journal of Statistics, Series A},
  volume  = {26}, 
  number  = {4},
  year    = {1964},
  pages   = {359--372},
}

@article{WooEtAl2009,
    author  = {Mi-Ja Woo and Jerome P. Reiter and Anna Oganian and Alan F. Karr},
    title   = {Global Measures of Data Utility for Microdata Masked for Disclosure Limitation},
    journal = {The Journal of Privacy and Confidentiality},
    volume  = {1},
    number  = {1},
    year    = {2009},
    pages   = {111--124},
}

@article{Worton1989,
  author  = {B. J. Worton},
  title   = {Kernel Methods for Estimating the Utilization Distribution in Home-Range Studies},
  journal = {Ecology},
  year    = {1989},
  volume  = {70},
  number  = {1},
  pages   = {164--168},
}

@article{Young2009,
  author  = {Young, Caroline and Martin, David and Skinner, Chris},
  title   = {Geographically intelligent disclosure control for flexible aggregation of census data},
  journal = {International Journal of Geographical Information Science},
  year    = {2009},
  volume  = {23},
  number  = {4},
  pages   = {457--482}
}

@article{ZandbergenEtAl2012,
	author  = {P. A. Zandbergen and T. C. Hart and K. E. Lenzer and M. E. Camponovo},
	title   = {Error propagation models to examine the effects of geocoding quality on spatial analysis of individual-level datasets},
	journal = {Spatial and Spatio-temporal Epidemiology},
	volume  = {3},
	number  = {1},
	year    = {2012},
	pages   = {69--82},
}

@article{Zhou2010Smoothing,
  author  = {Zhou, Yijie and Dominici, Francesca and Louis, Thomas A.},
  title   = {A smoothing approach for masking spatial data},
  journal = {The Annals of Applied Statistics},
  year    = {2010},
  volume  = {4},
  number  = {3},
  pages   = {1451--1475},
  note    = {{DOI}: 10.1214/09-AOAS325}
}

@article{ZurbaranEtal2020,
	author  = {M. A. Zurbarán and A. Salazar and M. A. Brovelli and P. M. Wightman},
	title   = {An Evaluation Framework for Assessing the Impact of Location Privacy in Geospatial Analysis},
	journal = {IEEE Access},
	volume  = {8},
	year    = {2020},
	pages   = {158224--158236},
}

@book{Bowman1997,
  author    = {Bowman, A. W. and Azzalini, A.},
  title     = {Applied smoothing techniques for data analysis},
  year      = {1997},
  publisher = {Oxford University Press},
}

@book{Chacon2018,
  author    = {Chac\'on, J. E. and Duong, T.},
  title     = {Multivariate kernel smoothing and its applications},
  publisher = {CRC Press},
  year      = {2018},
}

@book{Cressie1993,
	author    = {Noel A. C. Cressie},
	title     = {Statistics for Spatial Data, Revised Edition},
	publisher = {John Wiley \& Sons},
	year      = {1993},
}

@misc{HundepoolEtAl2024,
	author    = {Anco Hundepool and Josep Domingo-Ferrer and Luisa Franconi and Sarah Giessing and Rainer Lenz and Jane Naylor and Eric {Schulte Nordholt} and Giovanni Seri and Peter-Paul {de Wolf} and Reinhard Tent and Andrzej M{\l}odak and Johannes Gussenbauer and Kamil Wilak},
	title     = {Handbook on Statistical Disclosure Control, Second Edition},
	year      = {2024},
    howpublished = {STACE project WP2 Deliverable D2.10},
    note      = {\url{https://sdctools.github.io/HandbookSDC}}
}

@book{Hundepool2012book,
  title     = {Statistical Disclosure Control},
  publisher = {John Wiley \& Sons, Ltd},
  year      = {2012},
  author    = {Hundepool, Anco and Domingo-Ferrer, Josep and Franconi, Luisa and Giessing, Sarah and Schulte Nordholt, Eric and Spicer, Keith and De Wolf, Peter-Paul},
  series    = {Wiley series in Survey Methodology},
  note      = {{ISBN}: 978-1-119-97815-2}
}

@book{hunter1978efficient,
    title     = {Efficient computation and data structures for graphics},
    author    = {Hunter, Gregory Michael},
    year      = {1978},
    publisher = {Princeton University}
}

@book{Silverman1986,
  author    = {Silverman, B. W.},
  year      = {1986},
  title     = {Density estimation for statistics and data analysis},
  publisher = {Chapman \& Hall}
}

@book{Wand1994,
  author    = {Wand, M. P. and Jones, M. C.},
  title     = {Kernel smoothing},
  publisher = {CRC Press}, 
  year      = {1994},
}

@book{WillenborgDeWaal1996,
	author    = {Leon Willenborg and Ton {de Waal}},
	title     = {Statistical Disclosure Control in Practice},
	publisher = {Springer},
	year      = {1996},
    note      = {{LNS} 111},
}

@incollection{AudricEtAl2018,
	author    = {Sophie Audric and Marie-Pierre de Bellefon and Eric Durieux},
	title     = {Descriptive Spatial Analysis},
	booktitle = {Handbook of Spatial Analysis. Theory and Applications with R, Insee Méthodes vol.131},
	chapter   = {1},
	publisher = {Institut national de la statistique et des études économiques (Insee)},
	year      = {2018},
	pages     = {3--30},
}

@incollection{Bach2019,
	author    = {Fabian Bach}, 
	title     = {Statistical Disclosure Control in Geospatial Data: The 2021 {EU} Census Example},
	booktitle = {Service-Oriented Mapping. Changing Paradigm in Map Production and Geoinformation Management},
	publisher = {Springer - Lecture Notes in Geoinformation and Cartography},
	year      = {2019},
	editor    = {J{\"u}rgen D{\"o}llner and Markus Jobst and Peter Schmitz},
	chapter   = {18},
	pages     = {365--384},
}

@incollection{BellefonEtAlt_2018,
	author    = {Marie-Pierre de Bellefon and Vincent Loonis and Ronan {Le Gleut}},
	title     = {Codifying the neighborhood structure},
	booktitle = {Handbook of Spatial Analysis. Theory and Applications with R, Insee Méthodes vol.131},
	chapter   = {2},
	publisher = {Institut national de la statistique et des études économiques (Insee)},
	year      = {2018},
	pages     = {32--47},
}

@incollection{BuronFontaine2018,
	author    = {Ma\¨el-Luc Buron and Ma\¨elle Fontaine},
	title     = {Confidentiality of Spatial Data},
	booktitle = {Handbook of Spatial Analysis. Theory and Applications with R, Insee Méthodes vol.131},
	chapter   = {14},
	publisher = {Institut national de la statistique et des études économiques (Insee)},
	year      = {2018},
	pages     = {349--374},
}

@incollection{CetlEtAl2019,
	author       = {Vlado Cetl and Robert Tomas and Alexander Kotsev and Vanda Nunes {de Lima} and Robin S. Smith and Markus Jobst}, 
	title        = {Establishing Common Ground Through {INSPIRE}: The Legally-Driven {European} Spatial Data Infrastructure},
	booktitle    = {Service-Oriented Mapping. Changing Paradigm in Map Production and Geoinformation Management},
	publisher    = {Springer},
	year         = {2019},
	editor       = {Jürgen D\"{o}llner and Markus Jobst and Peter Schmitz},
	chapter      = {3},
	pages        = {63--84},
}

@incollection{Haining2010,
	author       = {Robert P. Haining}, 
	title        = {The Nature of Georeferenced Data},
	booktitle    = {Handbook of Applied Spatial Analysis: Software Tools, Methods and Applications},
	publisher    = {Springer},
	year         = {2010},
	editor       = {Manfred M. Fischer and Arthur Getis},
	chapter      = {B.1},
	pages        = {197--217},
}

@incollection{HaldorsonMostrom2019,
	author    = {Marie Haldorson and Jerker Moström}, 
	title     = {Developing a Statistical Geospatial Framework for the {European Statistical System}},
	booktitle = {Service-Oriented Mapping. Changing Paradigm in Map Production and Geoinformation Management},
	publisher = {Springer},
	year      = {2019},
	editor    = {Jürgen Döllner and Markus Jobst and Peter Schmitz},
	chapter   = {9},
	pages     = {185--206},
}

@incollection{OwusuEtAl2017,
	author    = {Claudio Owusu and Yu Lan and Minrui Zheng and Wenwu Tang and Eric Delmelle},
	title     = {Geocoding Fundamentals and Associated Challenges},
	booktitle = {Geospatial Data Science Techniques and Applications},
	chapter   = {2},
	publisher = {CRC Press},
	year      = {2017},
	pages     = {41--62},
}

@incollection{SalimaEtAlt_2018,
	author    = {Bouayad Agha Salima and Marie-Pierre de Bellefon},
	title     = {Spatial autocorrelation indices},
	booktitle = {Handbook of Spatial Analysis. Theory and Applications with R, Insee Méthodes vol.131},
	chapter   = {3},
	publisher = {Institut national de la statistique et des études économiques (Insee)},
	year      = {2018},
	pages     = {51--70},
}

@inproceedings{Branchu_Costemalle_Fontaine_2018,
    address   = {Paris},
    title     = {Données carroyées et confidentialité}, 
    url       = {http://www.jms-insee.fr/2018/S23_3_ACTE_BRANCHU_JMS2018.pdf},
    booktitle = {JMS}, 
    author    = {Branchu, Marc and Costemalle, Vianney and Fontaine, Maëlle},
    year      = {2018},
    language  = {fr} 
}

@inproceedings{cellkey_meindl, 
    title     = {cellKey - {Consistent} perturbation of statistical tables},   
    booktitle = {Joint UNECE/Eurostat Work Session on Statistical Data Confidentiality, The Hague, Netherlands}, 
    author    = {Meindl, Bernhard and Enderle, Tobias},
    year      = {2019},
    note      = {\url{https://unece.org/sites/default/files/datastore/fileadmin/DAM/stats/documents/ece/ces/ge.46/2019/mtg1/SDC2019_S7_Austria_and_Germany_cellKey_Meindl_AD.pdf}}
}

@inproceedings{Chainey2002,
  author    = {S. Chainey and S. Reid and N. Stuart},
  title     = {When is a hotspot a hotspot? {A} procedure for creating statistically robust hotspot maps of crime},
  booktitle = {Innovations in {GIS} 9: Socio-economic applications of geographic information science},
  year      = {2002},
  editor    = {D. Kidner and G. Higgs and S. White},
  publisher = {Taylor and Francis},
  pages     = {21--36},
}

@inproceedings{Costemalle_2018, 
    address   = {Paris},
    title     = {Identification des problèmes de différenciation géographique}, 
    url       = {https://www.jms-insee.fr/2018/S23_2_ACTE_COSTEMALLE_JMS2018.pdf}, 
    booktitle = {Journées de Méthodologie Statistique}, 
    author    = {Costemalle, Vianney},
    year      = {2018},
    month     = jun, 
    language  = {fr-FR} 
}

@inproceedings{Danese2008,
  author    = {M. Danese and M. Lazzari and B. Murgante},
  title     = {Kernel density estimation methods for a geostatistical approach in seismic risk analysis: the case study of {P}otenza Hilltop town (southern {I}taly)},
  booktitle = {ICCSA 2008, Part I},
  year      = {2008},
  note      = {{LNCS} 5072},
  publisher = {Springer},
  pages     = {415--429},
}

@inproceedings{DeWolfDeJonge2017, 
    title     = {Location related risk and utility},   
    booktitle = {UNECE Work Session on Statistical Data Confidentiality, September 20-22, Skopje, North Macedonia}, 
    author    = {Peter-Paul {de Wolf} and Edwin {de Jonge}},
    year      = {2017},
    note      = {\url{https://unece.org/fileadmin/DAM/stats/documents/ece/ces/ge.46/2017/3_LocationRiskUtility.pdf}}
}

@inproceedings{Domingo2001,
  title     = {Comparing {SDC} methods for microdata on the basis of information loss and disclosure risk},
  author    = {Domingo-Ferrer, J. and Mateo-Sanz, J. M. and Torra, V.},
  booktitle = {Pre-proceedings of ETK-NTTS, 2001 Conference Hersonissos (Crete) 18-22 June 2001},
  volume    = {2},
  pages     = {807--826},
  year      = {2001}
}

@inproceedings{EnderleEtAl2018,
    author    = {Tobias Enderle and Sarah Giessing and Reinhard Tent},
    title     = {Designing Confidentiality on the Fly Methodology - Three Aspects},
    booktitle = {Privacy in Statistical Databases. UNESCO Chair in Data Privacy, International Conference, PSD '18, Proceedings},
    editor    = {Josep Domingo-Ferrer and Francisco Montes},
    year      = {2018},
    pages     = {28--42},
    publisher = {Springer},
    note      = {{LNCS} 11126},
}

@inproceedings{EnderleEtAl2020,
    author    = {Tobias Enderle and Sarah Giessing and Reinhard Tent},
    title     = {Calculation of Risk Probabilities for the {Cell Key Method}},
    booktitle = {Privacy in Statistical Databases. UNESCO Chair in Data Privacy, International Conference, PSD '20, Proceedings},
    editor    = {Josep Domingo-Ferrer and Krishnamurty Muralidhar},
    year      = {2020},
    pages     = {151--165},
    publisher = {Springer},
    note      = {{LNCS} 12276},
}

@inproceedings{EnderleGiessing2017,
    author    = {Tobias Enderle and Sarah Giessing},
    title     = {Testing {CTA} as Additivity Module for Perturbed {Census 2021 EU} Hypercube Data},
    booktitle = {UNECE Work Session on Statistical Data Confidentiality, Skopje, North Macedonia, November 20-22},
    year      = {2017},
    note = {\url{https://unece.org/fileadmin/DAM/stats/documents/ece/ces/ge.46/2017/1_testing_cta.pdf}},
}

@inproceedings{FraserWooton2005,
    author    = {Bruce Fraser and Janice Wooton},
    title     = {A proposed method for confidentialising tabular output to protect against differencing},
    booktitle = {Joint UNECE / Eurostat Work Session on Statistical Data Confidentiality, Geneva, Switzerland, November 9-11},
    year      = {2005},
}

@inproceedings{Giessing2016,
	author    = {Sarah Giessing},
	title     = {Computational Issues in the Design of Transition Probabilities and Disclosure Risk Estimation for Additive Noise},
	booktitle = {Privacy in Statistical Databases. UNESCO Chair in Data Privacy, International Conference, PSD '16, Proceedings},
	editor    = {Josep Domingo-Ferrer and Mirjana Pejić-Bach},
	year      = {2016},
	pages     = {237--251},
    publisher = {Springer},
    note      = {{LNCS} 9867},
}

@inproceedings{GiessingHoehne2010,
	author    = {Sarah Giessing and J{\"o}rg H{\"o}hne},
	title     = {Eliminating Small Cells from Census Count Tables: Some Considerations on Transition Probabilities},
	booktitle = {Privacy in Statistical Databases. UNESCO Chair in Data Privacy, International Conference, PSD '10, Proceedings},
	editor    = {Josep Domingo-Ferrer and Emmanouil Magkos},
	year      = {2010},
	pages     = {52--65},
    publisher = {Springer},
    note      = {{LNCS} 6344},
}

@inproceedings{GrubesicMurray2004,
    author    = {T.H. Grubesic and A.T. Murray},
    title     = {Assessing positional uncertainty in geocoded data},
    booktitle = {Proceedings of the 24th Urban Data Management Symposium, Chioggia, Italy},
    year      = {2004}
}

@inproceedings{GussenbauerEtAl2023,
    author    = {Johannes Gussenbauer and Julien Jamme and Edwin de Jonge and Peter-Paul de Wolf and Martin M\"{o}hler},
    title     = {Spatial {SDC} experiments and evaluations with multiple countries comparison},
    booktitle = {UNECE Expert Meeting on Statistical Data Confidentiality, September 26-28, Wiesbaden, Germany},
    year      = {2023},
    note      = {\url{https://unece.org/sites/default/files/2023-08/SDC2023_S3_4_Austria_Gussenbauer_D.pdf}},
}

@inproceedings{JongeWolf2016,
  author    = {Edwin de Jonge and Peter-Paul de Wolf},
  title     = {Spatial smoothing and statistical disclosure control},
  booktitle = {Privacy in Statistical Databases. UNESCO Chair in Data Privacy, International Conference, PSD '16, Proceedings},
  year      = {2016},
  editor    = {Josep Domingo-Ferrer and Mirjana Peji\'c-Bach},
  pages     = {107--117},
  publisher = {Springer},
  note      = {{LNCS} 9867},
}

@inproceedings{LukanSmukavec2017, 
    title     = {Statistical disclosure control considerations of publishing data on grid squares and territorial units in the application {STAGE}},   
    booktitle = {UNECE Work Session on Statistical Data Confidentiality, September 20-22, Skopje, North Macedonia}, 
    author    = {Juno\v{s} Lukan and Andreja Smukavec},
    year      = {2017},
    note      = {\url{https://unece.org/fileadmin/DAM/stats/documents/ece/ces/ge.46/2017/4_grid_squares.pdf}},
}

@inproceedings{o2012confidentialising,
  author       = {{O’Keefe}, Christine M.},
  title        = {Confidentialising maps of mixed point and diffuse spatial data},
  booktitle    = {Privacy in Statistical Databases. UNESCO Chair in Data Privacy, International Conference, PSD '12, Proceedings},
  year         = {2012},
  editor       = {Josep Domingo-Ferrer and Ilenia Tinnirello},
  publisher    = {Springer},
  pages        = {226--240},
  note      = {{LNCS} 7556},
}

@inproceedings{osth2011introducing,
  author    = {{\"O}sth, J. and Malmberg, B. and Anderson, E. K.},
  title     = {Introducing EquiPop},
  booktitle = {6th international conference on population geographies},
  year      = {2011},
}

@inproceedings{ShlomoYoung2006,
	author    = {Natalie Shlomo and Caroline Young},
	title     = {Statistical Disclosure Control Methods Through a Risk-Utility Framework},
	booktitle = {Privacy in Statistical Databases. CENEX-SDC Project International Conference, PSD '06, Proceedings},
	editor    = {Josep Domingo-Ferrer and Luisa Franconi},
	year      = {2006},
	pages     = {68--81},
    publisher = {Springer},
    note      = {{LNCS} 4302},
}

@inproceedings{Suñé_Ibáñez_2017,
    address   = {Bruxelles},
    title     = {Statistical disclosure control on visualising geocoded population data using quadtrees},
    url       = {https://www.idescat.cat/serveis/biblioteca/docs/bib/pec/paae2017/b3713abstract.pdf},
    booktitle = {NTTS 2017},
    author    = {Su{\~n}\'e, E. and Rovira, C. and Ib\'a{\~n}ez, D. and Farr\'e, M.}, 
    year      = {2017},
    language  = {en} 
}

@inproceedings{Tsoulos2001,
	author       = {Lysandros Tsuolos},
	title        = {An Equal Area Projection for Statistical Mapping in the {EU}},
	booktitle    = {Map Projections for Europe},
	editor       = {A. Annoni and C. Luzet and E. Gubler and J. Ihde},
    organization = {European Commission Joint Research Centre},
	year         = {2001},
	pages        = {50--55},
}

@inproceedings{WolfJonge2018,
  author    = {Peter-Paul de Wolf and Edwin de Jonge},
  title     = {Safely plotting continuous variables on a map},
  booktitle = {Privacy in Statistical Databases. UNESCO Chair in Data Privacy, International Conference, PSD '18, Proceedings},
  year      = {2018},
  editor    = {Josep Domingo-Ferrer and Francisco Montes},
  pages     = {347--359},
  publisher = {Springer},
  note      = {{LNCS} 11126},
}

@manual{AQuadtree_2023,
    title  = {AQuadtree: Confidentiality of Spatial Point Data},
    author = {Raymond Lagonigro and Ramon Oller and Joan Carles Martori},
    year   = {2023},
    note   = {R package version 1.0.4},
}

@manual{diffman,
    title  = {diffman: Detect Differentiation Problems},
    author = {Vianney Costemalle and Arlindo {Dos Santos} and Francois Semecurbe},
    year   = {2020},
    note   = {R package version 0.1.1},
    url    = {https://github.com/InseeFrLab/diffman-1},
}

@manual{gridy,
    title  = {gridy: Protects multilevel gridded data with a quadtree approach.},
    author = {Vianney Costemalle and Julien Jamme},
    year   = {2024},
    note   = {R package version 0.1.1},
    url    = {https://github.com/InseeFrLab/gridy},
}

@manual{INSPIRE2023,
	author 		 = {{INSPIRE Maintenance and Implementation Group (MIG)}},
	title 		 = {D2.8.I.2 Data Specification on Geographical Grid Systems - Technical Guidelines},
	organization = {European Commission Joint Research Centre},
	year 		 = {2023},
}

@manual{sdcSpatial_2022,
    title  = {sdcSpatial: Statistical Disclosure Control for Spatial Data},
    author = {Edwin {de Jonge} and Peter-Paul {de Wolf}},
    year   = {2022},
    note   = {R package version 0.5.2},
    url    = {https://github.com/edwindj/sdcSpatial},
}

@mastersthesis{Hut2020Thesis,
  author  = {Hut, D. A.},
  title   = {Statistical disclosure control when publishing on thematic maps},
  school  = {University of Twente},
  address = {Enschede, the Netherlands},
  year    = {2020},
}

@misc{ABS, 
    title    = {SSF Guidance Material – Protecting Privacy for Geospatially Enabled Statistics: Geographic Differencing}, url      = {https://www.abs.gov.au/statistics/statistical-geography/statistical-spatial-framework-ssf/statistical-spatial-framework-guidance-material/ssf-guidance-material-protecting-privacy-geospatially-enabled-statistics-geographic-differencing}, 
    author   = {Australian Bureau of Statistics (ABS)},
    language = {en} 
}

@misc{AntalEtAl2017,
    author       = {Laszlo Antal and Tobias Enderle and Sarah Giessing},
    title        = {Statistical disclosure control methods for harmonised protection of census data},
    howpublished = {Specific Grant Agreement (SGA) 11112.2016.005-2016.367 - Harmonised protection of census data in the {ESS}, Work Package 3, Deliverable D3.1, Part I},
    year         = {2017},
}

@misc{Dekany2019,
    author       = {Krisztina D\'{e}k\'{a}ny},
    title        = {New approaches in georeferenced statistical data and related confidentiality issues},
    howpublished = {Économie et Statistiques: Working Papers du STATEC No.108},
    year         = {2019},
}

@misc{Enderle2023,
    author       = {Tobias Enderle},
    title        = {Introduction to the ptable-Package},
    howpublished = {\url{https://cran.r-project.org/web/packages/ptable/vignettes/introduction.html}},
    year         = {2023},
}

@misc{GreenbergVoshell1990,
    title        = {The Geographic Component of Disclosure Risk for Microdata},
    author       = {Brian Greenberg and Laura Voshell},
    howpublished = {U.S. Bureau of the Census Statistical Research Division (SRD) - Report Series No. RR-90/13},
    year         = {1990},
}

@misc{Guidelines3_CensusDemog,
    author 	     = {Eric {Schulte Nordholt} and Reinhard Tent and Sarah Giessing and Manca Golmajer and Fabian Bach and Marieke {de Vries} and Rob {van de Laar} and Peter-Paul {de Wolf} and Nynke Krol},
    title        = {Guidelines for {Statistical Disclosure Control} Methods for Census and Demographics Data},
    year   	     = {2024},
    howpublished = {STACE project WP2 Deliverable D2.11},
}

@misc{QuickRefTau42x,
    author       = {{de Wolf}, Peter-Paul},
    title        = {Quick Reference for {CKM} in $\tau$-\textsc{argus} 4.2.x},
    howpublished = {\url{https://github.com/sdcTools/tauargus/releases/download/v4.2.4.2/QuickReferenceCKM4.2.x.pdf}},
    year         = {2023},
}

@phdthesis{Markkula2003Thesis,
  author = {Markkula, Jouni},
  title  = {Geographic Personal Data, its Privacy Protection and Prospects in a Location-Based Service Environment},
  school = {University of Jyv\"askyl\"a},
  year   = {2003},
  note   = {https://jyx.jyu.fi/dspace/handle/123456789/13227}
}

@techreport{Abrahamsen1997,
	author      = {Abrahamsen, P.},
	year        = {1997},
	title       = {A review of Gaussian random fields and correlation functions},
	institution = {Norwegian Computing Center},
	number      = {917}
}

@techreport{DupreEtAl2022,
    title       = {Geospatial Data Disclosure Avoidance and the Census},
    author      = {Sam Dupre and Lindsey Spell and Paul Jung},
    institution = {Select Topics in International Censuses (STIC), U.S. Census Bureau},
    year        = {2022},
}

@article{GregoryOfer2011,
    author      = {Matthews, Gregory J. and Harel, Ofer},
    year        = {2011},
    month       = {01},
    pages       = {1-29},
    title       = {Data confidentiality: A review of methods for statistical disclosure limitation and methods for assessing privacy},
    volume      = {5},
    journal     = {Statistics Surveys},
    doi         = {10.1214/11-SS074}
}

@inbook{Skinner2009,
    author      = {C. Skinner},
    editor      = {D. Pfeffermann and C.R. Rao},
    pages       = {381-396},
    chapter     = {15},
    volume      = {29 (Part A)},
    year        = {2009},
    title       = {Statistical Disclosure Control for Survey Data},
    series      = {Handbook of Statistics – Sample Surveys: Design, Methods and Applications},
    publisher   = {North Holland}
}

@Article{spatstat_2005,
    title = {{spatstat}: An {R} Package for Analyzing Spatial Point Patterns},
    author = {Adrian Baddeley and Rolf Turner},
    journal = {Journal of Statistical Software},
    year = {2005},
    volume = {12},
    number = {6},
    pages = {1--42},
    doi = {10.18637/jss.v012.i06},
}

@Manual{btb_2022,
    title = {btb: Beyond the Border - Kernel Density Estimation for Urban
Geography},
    author = {Arlindo {Dos Santos} and François Sémécurbe and Julien Pramil},
    year = {2022},
    note = {R package version 0.2.0},
    url = {https://CRAN.R-project.org/package=btb},
}

 @Manual{kernsmooth_2024,
    title = {KernSmooth: Functions for Kernel Smoothing Supporting Wand \& Jones (1995)},
    author = {Matt Wand},
    year = {2024},
    note = {R package version 2.23-24},
    url = {https://CRAN.R-project.org/package=KernSmooth},
  }

 @Book{mass_2002,
    title = {Modern Applied Statistics with S},
    author = {W. N. Venables and B. D. Ripley},
    publisher = {Springer},
    edition = {Fourth},
    address = {New York},
    year = {2002},
    note = {ISBN 0-387-95457-0},
    url = {https://www.stats.ox.ac.uk/pub/MASS4/},
  }

@article{openshaw1979million,
    title={A million or so correlated coefficients: three experiment on the modifiable areal unit problem},
    author={Openshaw, Stan},
    journal={Statistical applications in the spatial sciences},
    year={1979},
    publisher={Pion}
}